@article{DBLP:journals/tacl/BojanowskiGJM17,
  author    = {Piotr Bojanowski and
               Edouard Grave and
               Armand Joulin and
               Tom{\'{a}}s Mikolov},
  title     = {Enriching Word Vectors with Subword Information},
  journal   = {Trans. Assoc. Comput. Linguistics},
  volume    = {5},
  pages     = {135--146},
  year      = {2017},
  url       = {https://transacl.org/ojs/index.php/tacl/article/view/999},
  timestamp = {Wed, 17 Feb 2021 21:55:26 +0100},
  biburl    = {https://dblp.org/rec/journals/tacl/BojanowskiGJM17.bib},
  bibsource = {dblp computer science bibliography, https://dblp.org}
}

@inproceedings{DBLP:conf/emnlp/LuongPM15,
  author    = {Thang Luong and
               Hieu Pham and
               Christopher D. Manning},
  editor    = {Llu{\'{\i}}s M{\`{a}}rquez and
               Chris Callison{-}Burch and
               Jian Su and
               Daniele Pighin and
               Yuval Marton},
  title     = {Effective Approaches to Attention-based Neural Machine Translation},
  booktitle = {Proceedings of the 2015 Conference on Empirical Methods in Natural
               Language Processing, {EMNLP} 2015, Lisbon, Portugal, September 17-21,
               2015},
  pages     = {1412--1421},
  publisher = {The Association for Computational Linguistics},
  year      = {2015},
  url       = {https://doi.org/10.18653/v1/d15-1166},
  doi       = {10.18653/v1/d15-1166},
  timestamp = {Tue, 28 Jan 2020 10:28:39 +0100},
  biburl    = {https://dblp.org/rec/conf/emnlp/LuongPM15.bib},
  bibsource = {dblp computer science bibliography, https://dblp.org}
}

@inproceedings{DBLP:conf/acl/HendrycksLWDKS20,
  author    = {Dan Hendrycks and
               Xiaoyuan Liu and
               Eric Wallace and
               Adam Dziedzic and
               Rishabh Krishnan and
               Dawn Song},
  editor    = {Dan Jurafsky and
               Joyce Chai and
               Natalie Schluter and
               Joel R. Tetreault},
  title     = {Pretrained Transformers Improve Out-of-Distribution Robustness},
  booktitle = {Proceedings of the 58th Annual Meeting of the Association for Computational
               Linguistics, {ACL} 2020, Online, July 5-10, 2020},
  pages     = {2744--2751},
  publisher = {Association for Computational Linguistics},
  year      = {2020},
  url       = {https://doi.org/10.18653/v1/2020.acl-main.244},
  doi       = {10.18653/v1/2020.acl-main.244},
  timestamp = {Fri, 08 Jan 2021 21:20:23 +0100},
  biburl    = {https://dblp.org/rec/conf/acl/HendrycksLWDKS20.bib},
  bibsource = {dblp computer science bibliography, https://dblp.org}
}

@article{article:beseiso,
author = {Beseiso, Majdi and Alzahrani, Saleh},
year = {2020},
month = {11},
pages = {204-210},
title = {An Empirical Analysis of BERT Embedding for Automated Essay Scoring},
volume = {11},
journal = {International Journal of Advanced Computer Science and Applications},
doi = {10.14569/IJACSA.2020.0111027}
}

@inproceedings{DBLP:conf/embc/SahaLG20,
  author    = {Budhaditya Saha and
               Sanal Lisboa and
               Shameek Ghosh},
  title     = {Understanding patient complaint characteristics using contextual clinical
               {BERT} embeddings},
  booktitle = {42nd Annual International Conference of the {IEEE} Engineering in
               Medicine {\&} Biology Society, {EMBC} 2020, Montreal, QC, Canada,
               July 20-24, 2020},
  pages     = {5847--5850},
  publisher = {{IEEE}},
  year      = {2020},
  url       = {https://doi.org/10.1109/EMBC44109.2020.9175577},
  doi       = {10.1109/EMBC44109.2020.9175577},
  timestamp = {Fri, 25 Dec 2020 01:14:44 +0100},
  biburl    = {https://dblp.org/rec/conf/embc/SahaLG20.bib},
  bibsource = {dblp computer science bibliography, https://dblp.org}
}


@article{DBLP:journals/jodsn/CeravoloAACCDMK18,
  author    = {Paolo Ceravolo and
               Antonia Azzini and
               Marco Angelini and
               Tiziana Catarci and
               Philippe Cudr{\'{e}}{-}Mauroux and
               Ernesto Damiani and
               Alexandra Mazak and
               Maurice van Keulen and
               Mustafa Jarrar and
               Giuseppe Santucci and
               Kai{-}Uwe Sattler and
               Monica Scannapieco and
               Manuel Wimmer and
               Robert Wrembel and
               Fadi A. Zaraket},
  title     = {Big Data Semantics},
  journal   = {J. Data Semant.},
  volume    = {7},
  number    = {2},
  pages     = {65--85},
  year      = {2018},
  url       = {https://doi.org/10.1007/s13740-018-0086-2},
  doi       = {10.1007/s13740-018-0086-2},
  timestamp = {Tue, 08 Sep 2020 13:32:22 +0200},
  biburl    = {https://dblp.org/rec/journals/jodsn/CeravoloAACCDMK18.bib},
  bibsource = {dblp computer science bibliography, https://dblp.org}
}

@misc{singhal_2012,
title={Introducing the Knowledge Graph: things, not strings},
url={https://www.blog.google/products/search/introducing-knowledge-graph-things-not},
journal={Google},
publisher={Google},
author={Singhal, Amit},
year={2012},
month={May},
note={Accessed: May 2021}
}

@article{article:genese,
  author        = {Genet Asefa Gesese and
                   Russa Biswas and
                   Mehwish Alam and
                   Harald Sack},
  title         = {A Survey on Knowledge Graph Embeddings with Literals: Which model
                   links better Literal-ly?},
  journal       = {CoRR},
  volume        = {abs/1910.12507},
  year          = {2019},
  url           = {http://arxiv.org/abs/1910.12507},
  archivePrefix = {arXiv},
  eprint        = {1910.12507},
  timestamp     = {Thu, 31 Oct 2019 14:02:26 +0100},
  biburl        = {https://dblp.org/rec/journals/corr/abs-1910-12507.bib},
  bibsource     = {dblp computer science bibliography, https://dblp.org}
}

@article{article:vandewiele,
  author        = {Gilles Vandewiele and
                   Bram Steenwinckel and
                   Pieter Bonte and
                   Michael Weyns and
                   Heiko Paulheim and
                   Petar Ristoski and
                   Filip De Turck and
                   Femke Ongenae},
  title         = {{Walk Extraction Strategies for Node Embeddings with RDF2Vec in Knowledge
                   Graphs}},
  journal       = {CoRR},
  volume        = {abs/2009.04404},
  year          = {2020},
  url           = {https://arxiv.org/abs/2009.04404},
  archivePrefix = {arXiv},
  eprint        = {2009.04404},
  timestamp     = {Thu, 17 Sep 2020 12:49:52 +0200},
  biburl        = {https://dblp.org/rec/journals/corr/abs-2009-04404.bib},
  bibsource     = {dblp computer science bibliography, https://dblp.org}
}

@inproceedings{inproceedings:kristiadi,
  author    = {Agustinus Kristiadi and
               Mohammad Asif Khan and
               Denis Lukovnikov and
               Jens Lehmann and
               Asja Fischer},
  editor    = {Chiara Ghidini and
               Olaf Hartig and
               Maria Maleshkova and
               Vojtech Sv{\'{a}}tek and
               Isabel F. Cruz and
               Aidan Hogan and
               Jie Song and
               Maxime Lefran{\c{c}}ois and
               Fabien Gandon},
  title     = {Incorporating Literals into Knowledge Graph Embeddings},
  booktitle = {The Semantic Web - {ISWC} 2019 - 18th International Semantic Web Conference,
               Auckland, New Zealand, October 26-30, 2019, Proceedings, Part {I}},
  series    = {Lecture Notes in Computer Science},
  volume    = {11778},
  pages     = {347--363},
  publisher = {Springer},
  year      = {2019},
  url       = {https://doi.org/10.1007/978-3-030-30793-6\_20},
  doi       = {10.1007/978-3-030-30793-6\_20},
  timestamp = {Sat, 30 May 2020 20:05:29 +0200},
  biburl    = {https://dblp.org/rec/conf/semweb/KristiadiKL0F19.bib},
  bibsource = {dblp computer science bibliography, https://dblp.org}
}

@inproceedings{vaswani:attention,
  author    = {Ashish Vaswani and
               Noam Shazeer and
               Niki Parmar and
               Jakob Uszkoreit and
               Llion Jones and
               Aidan N. Gomez and
               Lukasz Kaiser and
               Illia Polosukhin},
  editor    = {Isabelle Guyon and
               Ulrike von Luxburg and
               Samy Bengio and
               Hanna M. Wallach and
               Rob Fergus and
               S. V. N. Vishwanathan and
               Roman Garnett},
  title     = {Attention is All you Need},
  booktitle = {Advances in Neural Information Processing Systems 30: Annual Conference
               on Neural Information Processing Systems 2017, December 4-9, 2017,
               Long Beach, CA, {USA}},
  pages     = {5998--6008},
  year      = {2017},
  url       = {https://proceedings.neurips.cc/paper/2017/hash/3f5ee243547dee91fbd053c1c4a845aa-Abstract.html},
  timestamp = {Thu, 21 Jan 2021 15:15:21 +0100},
  biburl    = {https://dblp.org/rec/conf/nips/VaswaniSPUJGKP17.bib},
  bibsource = {dblp computer science bibliography, https://dblp.org}
}

@article{vaswani,
  author        = {Cheng{-}Zhi Anna Huang and
                   Ashish Vaswani and
                   Jakob Uszkoreit and
                   Noam Shazeer and
                   Curtis Hawthorne and
                   Andrew M. Dai and
                   Matthew D. Hoffman and
                   Douglas Eck},
  title         = {An Improved Relative Self-Attention Mechanism for Transformer with
                   Application to Music Generation},
  journal       = {CoRR},
  volume        = {abs/1809.04281},
  year          = {2018},
  url           = {http://arxiv.org/abs/1809.04281},
  archivePrefix = {arXiv},
  eprint        = {1809.04281},
  timestamp     = {Fri, 05 Oct 2018 11:34:52 +0200},
  biburl        = {https://dblp.org/rec/journals/corr/abs-1809-04281.bib},
  bibsource     = {dblp computer science bibliography, https://dblp.org}
}

@inproceedings{bahdanau,
  author    = {Jan Chorowski and
               Dzmitry Bahdanau and
               Dmitriy Serdyuk and
               Kyunghyun Cho and
               Yoshua Bengio},
  editor    = {Corinna Cortes and
               Neil D. Lawrence and
               Daniel D. Lee and
               Masashi Sugiyama and
               Roman Garnett},
  title     = {Attention-Based Models for Speech Recognition},
  booktitle = {Advances in Neural Information Processing Systems 28: Annual Conference
               on Neural Information Processing Systems 2015, December 7-12, 2015,
               Montreal, Quebec, Canada},
  pages     = {577--585},
  year      = {2015},
  url       = {http://papers.nips.cc/paper/5847-attention-based-models-for-speech-recognition},
  timestamp = {Fri, 06 Mar 2020 16:57:49 +0100},
  biburl    = {https://dblp.org/rec/conf/nips/ChorowskiBSCB15.bib},
  bibsource = {dblp computer science bibliography, https://dblp.org}
}

@inproceedings{cheng,
  author    = {Jianpeng Cheng and
               Li Dong and
               Mirella Lapata},
  editor    = {Jian Su and
               Xavier Carreras and
               Kevin Duh},
  title     = {Long Short-Term Memory-Networks for Machine Reading},
  booktitle = {Proceedings of the 2016 Conference on Empirical Methods in Natural
               Language Processing, {EMNLP} 2016, Austin, Texas, USA, November 1-4,
               2016},
  pages     = {551--561},
  publisher = {The Association for Computational Linguistics},
  year      = 2016,
  url       = {https://doi.org/10.18653/v1/d16-1053},
  doi       = {10.18653/v1/d16-1053},
  timestamp = {Tue, 28 Jan 2020 10:28:37 +0100},
  biburl    = {https://dblp.org/rec/conf/emnlp/0001DL16.bib},
  bibsource = {dblp computer science bibliography, https://dblp.org}
}

% RELATED WORK

@inproceedings{khatri,
  author    = {Akshay Khatri and
               Pranav P},
  editor    = {Beata Beigman Klebanov and
               Ekaterina Shutova and
               Patricia Lichtenstein and
               Smaranda Muresan and
               Chee Wee Leong and
               Anna Feldman and
               Debanjan Ghosh},
  title     = {Sarcasm Detection in Tweets with {BERT} and GloVe Embeddings},
  booktitle = {Proceedings of the Second Workshop on Figurative Language Processing,
               Fig-Lang@ACL 2020, Online, July 9, 2020},
  pages     = {56--60},
  publisher = {Association for Computational Linguistics},
  year      = {2020},
  url       = {https://www.aclweb.org/anthology/2020.figlang-1.7/},
  timestamp = {Fri, 14 Aug 2020 11:51:21 +0200},
  biburl    = {https://dblp.org/rec/conf/acl-figlang/KhatriP20.bib},
  bibsource = {dblp computer science bibliography, https://dblp.org}
}

@inproceedings{peng,
  author    = {Yifan Peng and
               Shankai Yan and
               Zhiyong Lu},
  editor    = {Dina Demner{-}Fushman and
               Kevin Bretonnel Cohen and
               Sophia Ananiadou and
               Junichi Tsujii},
  title     = {Transfer Learning in Biomedical Natural Language Processing: An Evaluation
               of {BERT} and ELMo on Ten Benchmarking Datasets},
  booktitle = {Proceedings of the 18th BioNLP Workshop and Shared Task, BioNLP@ACL
               2019, Florence, Italy, August 1, 2019},
  pages     = {58--65},
  publisher = {Association for Computational Linguistics},
  year      = {2019},
  url       = {https://doi.org/10.18653/v1/w19-5006},
  doi       = {10.18653/v1/w19-5006},
  timestamp = {Tue, 28 Jan 2020 10:29:22 +0100},
  biburl    = {https://dblp.org/rec/conf/bionlp/PengYL19.bib},
  bibsource = {dblp computer science bibliography, https://dblp.org}
}

@article{DBLP:journals/semweb/RistoskiRNLP19,
  author    = {Petar Ristoski and
               Jessica Rosati and
               Tommaso Di Noia and
               Renato De Leone and
               Heiko Paulheim},
  title     = {RDF2Vec: {RDF} graph embeddings and their applications},
  journal   = {Semantic Web},
  volume    = {10},
  number    = {4},
  pages     = {721--752},
  year      = {2019},
  url       = {https://doi.org/10.3233/SW-180317},
  doi       = {10.3233/SW-180317},
  timestamp = {Wed, 25 Sep 2019 17:53:41 +0200},
  biburl    = {https://dblp.org/rec/journals/semweb/RistoskiRNLP19.bib},
  bibsource = {dblp computer science bibliography, https://dblp.org}
}

@inproceedings{inproceedings:mikolov,
  author    = {Tomas Mikolov and
               Kai Chen and
               Greg Corrado and
               Jeffrey Dean},
  editor    = {Yoshua Bengio and
               Yann LeCun},
  title     = {Efficient Estimation of Word Representations in Vector Space},
  booktitle = {1st International Conference on Learning Representations, {ICLR} 2013,
               Scottsdale, Arizona, USA, May 2-4, 2013, Workshop Track Proceedings},
  year      = {2013},
  url       = {http://arxiv.org/abs/1301.3781},
  timestamp = {Thu, 25 Jul 2019 14:25:36 +0200},
  biburl    = {https://dblp.org/rec/journals/corr/abs-1301-3781.bib},
  bibsource = {dblp computer science bibliography, https://dblp.org}
}

@inproceedings{ethayarajh,
  author    = {Kawin Ethayarajh},
  editor    = {Kentaro Inui and
               Jing Jiang and
               Vincent Ng and
               Xiaojun Wan},
  title     = {How Contextual are Contextualized Word Representations? Comparing
               the Geometry of BERT, ELMo, and {GPT-2} Embeddings},
  booktitle = {Proceedings of the 2019 Conference on Empirical Methods in Natural
               Language Processing and the 9th International Joint Conference on
               Natural Language Processing, {EMNLP-IJCNLP} 2019, Hong Kong, China,
               November 3-7, 2019},
  pages     = {55--65},
  publisher = {Association for Computational Linguistics},
  year      = {2019},
  url       = {https://doi.org/10.18653/v1/D19-1006},
  doi       = {10.18653/v1/D19-1006},
  timestamp = {Thu, 12 Dec 2019 13:23:49 +0100},
  biburl    = {https://dblp.org/rec/conf/emnlp/Ethayarajh19.bib},
  bibsource = {dblp computer science bibliography, https://dblp.org}
}

@article{distilbert,
  author    = {Victor Sanh and
               Lysandre Debut and
               Julien Chaumond and
               Thomas Wolf},
  title     = {DistilBERT, a distilled version of {BERT:} smaller, faster, cheaper
               and lighter},
  journal   = {CoRR},
  volume    = {abs/1910.01108},
  year      = {2019},
  url       = {http://arxiv.org/abs/1910.01108},
  archivePrefix = {arXiv},
  eprint    = {1910.01108},
  timestamp = {Tue, 02 Jun 2020 12:48:59 +0200},
  biburl    = {https://dblp.org/rec/journals/corr/abs-1910-01108.bib},
  bibsource = {dblp computer science bibliography, https://dblp.org}
}

@article{zhang,
  author    = {Jiawei Zhang and
               Haopeng Zhang and
               Congying Xia and
               Li Sun},
  title     = {Graph-Bert: Only Attention is Needed for Learning Graph Representations},
  journal   = {CoRR},
  volume    = {abs/2001.05140},
  year      = {2020},
  url       = {https://arxiv.org/abs/2001.05140},
  archivePrefix = {arXiv},
  eprint    = {2001.05140},
  timestamp = {Thu, 12 Nov 2020 15:00:59 +0100},
  biburl    = {https://dblp.org/rec/journals/corr/abs-2001-05140.bib},
  bibsource = {dblp computer science bibliography, https://dblp.org}
}

@article{article:mukherjee,
  author        = {Sourav Mukherjee and
                   Tim Oates and
                   Ryan Wright},
  title         = {{Graph Node Embeddings using Domain-Aware Biased Random Walks}},
  journal       = {CoRR},
  volume        = {abs/1908.02947},
  year          = 2019,
  url           = {http://arxiv.org/abs/1908.02947},
  archivePrefix = {arXiv},
  eprint        = {1908.02947},
  timestamp     = {Fri, 09 Aug 2019 12:15:56 +0200},
  biburl        = {https://dblp.org/rec/journals/corr/abs-1908-02947.bib},
  bibsource     = {dblp computer science bibliography, https://dblp.org}
}

@article{article:hamilton,
  author    = {William L. Hamilton and
               Rex Ying and
               Jure Leskovec},
  title     = {Representation Learning on Graphs: Methods and Applications},
  journal   = {{IEEE} Data Eng. Bull.},
  volume    = {40},
  number    = {3},
  pages     = {52--74},
  year      = {2017},
  url       = {http://sites.computer.org/debull/A17sept/p52.pdf},
  timestamp = {Tue, 10 Mar 2020 16:23:49 +0100},
  biburl    = {https://dblp.org/rec/journals/debu/HamiltonYL17.bib},
  bibsource = {dblp computer science bibliography, https://dblp.org}
}

@article{article:nickel,
  author    = {Maximilian Nickel and
               Kevin Murphy and
               Volker Tresp and
               Evgeniy Gabrilovich},
  title     = {A Review of Relational Machine Learning for Knowledge Graphs},
  journal   = {Proc. {IEEE}},
  volume    = {104},
  number    = {1},
  pages     = {11--33},
  year      = {2016},
  url       = {https://doi.org/10.1109/JPROC.2015.2483592},
  doi       = {10.1109/JPROC.2015.2483592},
  timestamp = {Mon, 26 Oct 2020 08:55:17 +0100},
  biburl    = {https://dblp.org/rec/journals/pieee/Nickel0TG16.bib},
  bibsource = {dblp computer science bibliography, https://dblp.org}
}

@article{article:ristoski:rdf2vec,
  author    = {Petar Ristoski and
               Jessica Rosati and
               Tommaso Di Noia and
               Renato De Leone and
               Heiko Paulheim},
  title     = {RDF2Vec: {RDF} graph embeddings and their applications},
  journal   = {Semantic Web},
  volume    = {10},
  number    = {4},
  pages     = {721--752},
  year      = {2019},
  url       = {https://doi.org/10.3233/SW-180317},
  doi       = {10.3233/SW-180317},
  timestamp = {Wed, 25 Sep 2019 17:53:41 +0200},
  biburl    = {https://dblp.org/rec/journals/semweb/RistoskiRNLP19.bib},
  bibsource = {dblp computer science bibliography, https://dblp.org}
}

@article{article:ristoski:semantic:web,
  author    = {Petar Ristoski and
               Heiko Paulheim},
  title     = {Semantic Web in data mining and knowledge discovery: {A} comprehensive
               survey},
  journal   = {J. Web Semant.},
  volume    = {36},
  pages     = {1--22},
  year      = {2016},
  url       = {https://doi.org/10.1016/j.websem.2016.01.001},
  doi       = {10.1016/j.websem.2016.01.001},
  timestamp = {Tue, 29 Jan 2019 12:27:04 +0100},
  biburl    = {https://dblp.org/rec/journals/ws/RistoskiP16.bib},
  bibsource = {dblp computer science bibliography, https://dblp.org}
}

@article{article:taweel,
  author        = {Ahmad Al Taweel and
                   Heiko Paulheim},
  title         = {{Towards Exploiting Implicit Human Feedback for Improving RDF2vec Embeddings}},
  journal       = {CoRR},
  volume        = {abs/2004.04423},
  year          = {2020},
  url           = {https://arxiv.org/abs/2004.04423},
  archivePrefix = {arXiv},
  eprint        = {2004.04423},
  timestamp     = {Tue, 14 Apr 2020 01:00:00 +0200},
  biburl        = {https://dblp.org/rec/journals/corr/abs-2004-04423.bib},
  bibsource     = {dblp computer science bibliography, https://dblp.org}
}

@article{article:vries,
  author    = {Gerben Klaas Dirk de Vries and
               Steven de Rooij},
  title     = {Substructure counting graph kernels for machine learning from {RDF}
               data},
  journal   = {J. Web Semant.},
  volume    = {35},
  pages     = {71--84},
  year      = {2015},
  url       = {https://doi.org/10.1016/j.websem.2015.08.002},
  doi       = {10.1016/j.websem.2015.08.002},
  timestamp = {Tue, 29 Jan 2019 12:27:03 +0100},
  biburl    = {https://dblp.org/rec/journals/ws/VriesR15.bib},
  bibsource = {dblp computer science bibliography, https://dblp.org}
}

@inproceedings{inproceedings:cochez,
  author    = {Michael Cochez and
               Petar Ristoski and
               Simone Paolo Ponzetto and
               Heiko Paulheim},
  editor    = {Rajendra Akerkar and
               Alfredo Cuzzocrea and
               Jannong Cao and
               Mohand{-}Said Hacid},
  title     = {Biased graph walks for {RDF} graph embeddings},
  booktitle = {Proceedings of the 7th International Conference on Web Intelligence,
               Mining and Semantics, {WIMS} 2017, Amantea, Italy, June 19-22, 2017},
  pages     = {21:1--21:12},
  publisher = {{ACM}},
  year      = 2017,
  url       = {https://doi.org/10.1145/3102254.3102279},
  doi       = {10.1145/3102254.3102279},
  timestamp = {Fri, 27 Mar 2020 08:55:29 +0100},
  biburl    = {https://dblp.org/rec/conf/wims/CochezRPP17.bib},
  bibsource = {dblp computer science bibliography, https://dblp.org}
}

@misc{mccormick,
author = {Chris McCormick},
title={{\textit{Word2Vec Tutorial Part 2 - Negative Sampling}}},
url={http://mccormickml.com/2017/01/11/word2vec-tutorial-part-2-negative-sampling/},
journal={Word2Vec Tutorial Part 2 - Negative Sampling},
year={2017},
month={Jan},
note={Accessed: April 2021}
}

@inproceedings{inproceedings:ristoski:strategies,
  author    = {Petar Ristoski and
               Heiko Paulheim},
  editor    = {Ilaria Tiddi and
               Mathieu d'Aquin and
               Nicolas Jay},
  title     = {A Comparison of Propositionalization Strategies for Creating Features
               from Linked Open Data},
  booktitle = {Proceedings of the 1st Workshop on Linked Data for Knowledge Discovery
               co-located with European Conference on Machine Learning and Principles
               and Practice of Knowledge Discovery in Databases {(ECML} {PKDD} 2014),
               Nancy, France, September 19th, 2014},
  series    = {{CEUR} Workshop Proceedings},
  volume    = {1232},
  publisher = {CEUR-WS.org},
  year      = {2014},
  url       = {http://ceur-ws.org/Vol-1232/paper1.pdf},
  timestamp = {Wed, 12 Feb 2020 16:44:28 +0100},
  biburl    = {https://dblp.org/rec/conf/pkdd/RistoskiP14.bib},
  bibsource = {dblp computer science bibliography, https://dblp.org}
}

@misc{website:fourkind,
author={Max Pagels},
title={{\textit{What is Online Machine Learning?}}},
url={https://medium.com/value-stream-design/online-machine-learning-515556ff72c5},
journal={Medium},
publisher={The Hands-on Advisors},
year={2020},
month={Feb},
note={Accessed: March 2021}
}

@misc{website:deepai:unsupervised:learning,
author={Thomas Wood},
title={{\textit{Unsupervised Learning}}},
howpublished={\href{https://deepai.org/machine-learning-glossary-and-terms/unsupervised-learning}
{https://deepai.org/machine-learning-glossary-and-terms/unsupervised-learning}},
journal={DeepAI},
year={2020},
month={Aug},
note={Accessed: March 2021}
}

@misc{website:deepai:softmax,
author={Thomas Wood},
title={{\textit{Softmax Function}}},
howpublished={\href{https://deepai.org/machine-learning-glossary-and-terms/softmax-layer}
{https://deepai.org/machine-learning-glossary-and-terms/softmax-layer}},
journal={DeepAI},
year=2019,
month={May},
note={Accessed: April 2021}
}

@misc{website:deepai:one:hot:encoding,
author={DeepAI},
title={{\textit{One Hot Encoding}}},
howpublished={\href{https://deepai.org/machine-learning-glossary-and-terms/one-hot-encoding}},
url={https://deepai.org/machine-learning-glossary-and-terms/one-hot-encoding},
journal={DeepAI},
publisher={DeepAI},
year={2019},
month={May},
note={Accessed: April 2021}
}

@misc{website:deepai:cosine:similarity,
author={{DeepAI}},
title={{\textit{Cosine Similarity}}},
url={https://deepai.org/machine-learning-glossary-and-terms/cosine-similarity},
journal={DeepAI},
year={2019},
month={May},
note={Accessed: March 2021}
}

@misc{website:medium:embedding:matrix,
author={Ashwin Prasad},
title={{\textit{Word Embeddings Explained}}},
howpublished={\href{https://medium.com/analytics-vidhya/word-embeddings-explained-62c046f7c79e}},
url={https://medium.com/analytics-vidhya/word-embeddings-explained-62c046f7c79e},
journal={Medium},
publisher={Analytics Vidhya},
year={2020},
month={Sep},
note={Accessed: April 2021}
}


@misc{website:deepai:distributed:representation,
author={{DeepAI}},
title={{\textit{Distributed Representations}}},
url={https://deepai.org/machine-learning-glossary-and-terms/distributed-representation},
journal={DeepAI},
year={2019},
month={May},
note={Accessed: March 2021}
}

@misc{website:kamakoti,
author={Balaji Kamakoti},
title={{\textit{Introduction to Knowledge Graph Embedding with DGL-KE}}},
url={https://towardsdatascience.com/introduction-to-knowledge-graph-embedding-with-dgl-ke-77ace6fb60ef},
journal={Medium},
publisher={Towards Data Science},
year={2020},
month={Jun},
note={Accessed: April 2021}
}

@inproceedings{inproceddings:oza,
  author    = {Nikunj C. Oza},
  title     = {Online bagging and boosting},
  booktitle = {Proceedings of the {IEEE} International Conference on Systems, Man
               and Cybernetics, Waikoloa, Hawaii, USA, October 10-12, 2005},
  pages     = {2340--2345},
  publisher = {{IEEE}},
  year      = {2005},
  url       = {https://doi.org/10.1109/ICSMC.2005.1571498},
  doi       = {10.1109/ICSMC.2005.1571498},
  timestamp = {Wed, 16 Oct 2019 14:14:51 +0200},
  biburl    = {https://dblp.org/rec/conf/smc/Oza05.bib},
  bibsource = {dblp computer science bibliography, https://dblp.org}
}

@article{article:hoi,
  author    = {Steven C. H. Hoi and
               Doyen Sahoo and
               Jing Lu and
               Peilin Zhao},
  title     = {Online Learning: {A} Comprehensive Survey},
  journal   = {CoRR},
  volume    = {abs/1802.02871},
  year      = {2018},
  url       = {http://arxiv.org/abs/1802.02871},
  archivePrefix = {arXiv},
  eprint    = {1802.02871},
  timestamp = {Mon, 13 Aug 2018 16:47:30 +0200},
  biburl    = {https://dblp.org/rec/journals/corr/abs-1802-02871.bib},
  bibsource = {dblp computer science bibliography, https://dblp.org}
}

@inproceedings{DBLP:conf/nips/MikolovSCCD13,
  author    = {Tom{\'{a}}s Mikolov and
               Ilya Sutskever and
               Kai Chen and
               Gregory S. Corrado and
               Jeffrey Dean},
  editor    = {Christopher J. C. Burges and
               L{\'{e}}on Bottou and
               Zoubin Ghahramani and
               Kilian Q. Weinberger},
  title     = {Distributed Representations of Words and Phrases and their Compositionality},
  booktitle = {Advances in Neural Information Processing Systems 26: 27th Annual
               Conference on Neural Information Processing Systems 2013. Proceedings
               of a meeting held December 5-8, 2013, Lake Tahoe, Nevada, United States},
  pages     = {3111--3119},
  year      = {2013},
  url       = {https://proceedings.neurips.cc/paper/2013/hash/9aa42b31882ec039965f3c4923ce901b-Abstract.html},
  timestamp = {Thu, 21 Jan 2021 15:15:23 +0100},
  biburl    = {https://dblp.org/rec/conf/nips/MikolovSCCD13.bib},
  bibsource = {dblp computer science bibliography, https://dblp.org}
}

@inproceedings{DBLP:conf/aistats/MorinB05,
  author    = {Frederic Morin and
               Yoshua Bengio},
  editor    = {Robert G. Cowell and
               Zoubin Ghahramani},
  title     = {Hierarchical Probabilistic Neural Network Language Model},
  booktitle = {Proceedings of the Tenth International Workshop on Artificial Intelligence
               and Statistics, {AISTATS} 2005, Bridgetown, Barbados, January 6-8,
               2005},
  publisher = {Society for Artificial Intelligence and Statistics},
  year      = {2005},
  url       = {http://www.gatsby.ucl.ac.uk/aistats/fullpapers/208.pdf},
  timestamp = {Wed, 06 May 2015 20:37:32 +0200},
  biburl    = {https://dblp.org/rec/conf/aistats/MorinB05.bib},
  bibsource = {dblp computer science bibliography, https://dblp.org}
}

@inproceedings{DBLP:journals/jmlr/GutmannH10,
  author    = {Michael Gutmann and
               Aapo Hyv{\"{a}}rinen},
  editor    = {Yee Whye Teh and
               D. Mike Titterington},
  title     = {Noise-contrastive estimation: {A} new estimation principle for unnormalized
               statistical models},
  booktitle = {Proceedings of the Thirteenth International Conference on Artificial
               Intelligence and Statistics, {AISTATS} 2010, Chia Laguna Resort, Sardinia,
               Italy, May 13-15, 2010},
  series    = {{JMLR} Proceedings},
  volume    = {9},
  pages     = {297--304},
  publisher = {JMLR.org},
  year      = {2010},
  url       = {http://proceedings.mlr.press/v9/gutmann10a.html},
  timestamp = {Wed, 29 May 2019 08:41:47 +0200},
  biburl    = {https://dblp.org/rec/journals/jmlr/GutmannH10.bib},
  bibsource = {dblp computer science bibliography, https://dblp.org}
}

@misc{weng_2017,
author={Lilian Weng},
title={{\textit{Learning Word Embedding}}},
url={https://lilianweng.github.io/lil-log/2017/10/15/learning-word-embedding.html},
journal={Lil'Log},
year={2017},
month={Oct},
note={Accessed: April 2021}
}

@misc{sijun_he,
author={Sijun He},
title={{\textit{Word Embeddings}}},
url={https://sijunhe.github.io/blog/2018/09/12/word-embeddings/},
journal={Blog | Sijun He},
year={2018},
month={Sep},
note={Accessed: April 2021}
}

@inproceedings{DBLP:conf/paclic/FanZCZ14,
  author    = {Miao Fan and
               Qiang Zhou and
               Emily Chang and
               Thomas Fang Zheng},
  editor    = {Wirote Aroonmanakun and
               Prachya Boonkwan and
               Thepchai Supnithi},
  title     = {Transition-based Knowledge Graph Embedding with Relational Mapping
               Properties},
  booktitle = {Proceedings of the 28th Pacific Asia Conference on Language, Information
               and Computation, {PACLIC} 28, Cape Panwa Hotel, Phuket, Thailand,
               December 12-14, 2014},
  pages     = {328--337},
  publisher = {The {PACLIC} 28 Organizing Committee and {PACLIC} Steering Committee
               / {ACL} / Department of Linguistics, Faculty of Arts, Chulalongkorn
               University},
  year      = {2014},
  url       = {https://www.aclweb.org/anthology/Y14-1039/},
  timestamp = {Mon, 16 Sep 2019 17:08:53 +0200},
  biburl    = {https://dblp.org/rec/conf/paclic/FanZCZ14.bib},
  bibsource = {dblp computer science bibliography, https://dblp.org}
}

@inproceedings{inproceedings:devlin,
  author    = {Jacob Devlin and
               Ming{-}Wei Chang and
               Kenton Lee and
               Kristina Toutanova},
  editor    = {Jill Burstein and
               Christy Doran and
               Thamar Solorio},
  title     = {{BERT:} Pre-training of Deep Bidirectional Transformers for Language
               Understanding},
  booktitle = {Proceedings of the 2019 Conference of the North American Chapter of
               the Association for Computational Linguistics: Human Language Technologies,
               {NAACL-HLT} 2019, Minneapolis, MN, USA, June 2-7, 2019, Volume 1 (Long
               and Short Papers)},
  pages     = {4171--4186},
  publisher = {Association for Computational Linguistics},
  year      = {2019},
  url       = {https://doi.org/10.18653/v1/n19-1423},
  doi       = {10.18653/v1/n19-1423},
  timestamp = {Tue, 28 Jan 2020 10:30:29 +0100},
  biburl    = {https://dblp.org/rec/conf/naacl/DevlinCLT19.bib},
  bibsource = {dblp computer science bibliography, https://dblp.org}
}

@inproceedings{DBLP:conf/nips/BordesUGWY13,
  author    = {Antoine Bordes and
               Nicolas Usunier and
               Alberto Garc{\'{\i}}a{-}Dur{\'{a}}n and
               Jason Weston and
               Oksana Yakhnenko},
  editor    = {Christopher J. C. Burges and
               L{\'{e}}on Bottou and
               Zoubin Ghahramani and
               Kilian Q. Weinberger},
  title     = {Translating Embeddings for Modeling Multi-relational Data},
  booktitle = {Advances in Neural Information Processing Systems 26: 27th Annual
               Conference on Neural Information Processing Systems 2013. Proceedings
               of a meeting held December 5-8, 2013, Lake Tahoe, Nevada, United States},
  pages     = {2787--2795},
  year      = {2013},
  url       = {https://proceedings.neurips.cc/paper/2013/hash/1cecc7a77928ca8133fa24680a88d2f9-Abstract.html},
  timestamp = {Thu, 21 Jan 2021 15:15:23 +0100},
  biburl    = {https://dblp.org/rec/conf/nips/BordesUGWY13.bib},
  bibsource = {dblp computer science bibliography, https://dblp.org}
}

@inproceedings{DBLP:conf/esws/SchlichtkrullKB18,
  author    = {Michael Sejr Schlichtkrull and
               Thomas N. Kipf and
               Peter Bloem and
               Rianne van den Berg and
               Ivan Titov and
               Max Welling},
  editor    = {Aldo Gangemi and
               Roberto Navigli and
               Maria{-}Esther Vidal and
               Pascal Hitzler and
               Rapha{\"{e}}l Troncy and
               Laura Hollink and
               Anna Tordai and
               Mehwish Alam},
  title     = {Modeling Relational Data with Graph Convolutional Networks},
  booktitle = {The Semantic Web - 15th International Conference, {ESWC} 2018, Heraklion,
               Crete, Greece, June 3-7, 2018, Proceedings},
  series    = {Lecture Notes in Computer Science},
  volume    = {10843},
  pages     = {593--607},
  publisher = {Springer},
  year      = {2018},
  url       = {https://doi.org/10.1007/978-3-319-93417-4\_38},
  doi       = {10.1007/978-3-319-93417-4\_38},
  timestamp = {Tue, 14 May 2019 10:00:44 +0200},
  biburl    = {https://dblp.org/rec/conf/esws/SchlichtkrullKB18.bib},
  bibsource = {dblp computer science bibliography, https://dblp.org}
}

@inproceedings{DBLP:conf/esws/GeseseBS19,
  author    = {Genet Asefa Gesese and
               Russa Biswas and
               Harald Sack},
  editor    = {Mehwish Alam and
               Davide Buscaldi and
               Michael Cochez and
               Francesco Osborne and
               Diego Reforgiato Recupero and
               Harald Sack},
  title     = {A Comprehensive Survey of Knowledge Graph Embeddings with Literals:
               Techniques and Applications},
  booktitle = {Proceedings of the Workshop on Deep Learning for Knowledge Graphs
               {(DL4KG2019)} Co-located with the 16th Extended Semantic Web Conference
               2019 {(ESWC} 2019), Portoroz, Slovenia, June 2, 2019},
  series    = {{CEUR} Workshop Proceedings},
  volume    = {2377},
  pages     = {31--40},
  publisher = {CEUR-WS.org},
  year      = {2019},
  url       = {http://ceur-ws.org/Vol-2377/paper\_4.pdf},
  timestamp = {Wed, 12 Feb 2020 16:45:11 +0100},
  biburl    = {https://dblp.org/rec/conf/esws/GeseseBS19.bib},
  bibsource = {dblp computer science bibliography, https://dblp.org}
}

@misc{alammar,
title={The Illustrated Transformer},
url={http://jalammar.github.io/illustrated-transformer/},
journal={The Illustrated Transformer – Jay Alammar – Visualizing machine learning one concept at a time.},
author={Jay Alammar},
year={2018},
month={Jun},
note={Accessed: May 2021}
}

@inproceedings{gehring,
  author    = {Jonas Gehring and
               Michael Auli and
               David Grangier and
               Denis Yarats and
               Yann N. Dauphin},
  editor    = {Doina Precup and
               Yee Whye Teh},
  title     = {Convolutional Sequence to Sequence Learning},
  booktitle = {Proceedings of the 34th International Conference on Machine Learning,
               {ICML} 2017, Sydney, NSW, Australia, 6-11 August 2017},
  series    = {Proceedings of Machine Learning Research},
  volume    = {70},
  pages     = {1243--1252},
  publisher = {{PMLR}},
  year      = {2017},
  url       = {http://proceedings.mlr.press/v70/gehring17a.html},
  timestamp = {Wed, 29 May 2019 08:41:45 +0200},
  biburl    = {https://dblp.org/rec/conf/icml/GehringAGYD17.bib},
  bibsource = {dblp computer science bibliography, https://dblp.org}
}

@misc{alammar-seq2seq,
title={Visualizing A Neural Machine Translation Model (Mechanics of Seq2seq Models With Attention)},
url={https://jalammar.github.io/visualizing-neural-machine-translation-mechanics-of-seq2seq-models-with-attention/}, journal={Visualizing A Neural Machine Translation Model (Mechanics of Seq2seq Models With Attention) – Jay Alammar – Visualizing machine learning one concept at a time.},
author={Jay Alammar},
year={2018},
month={May},
note={Accessed: May 2021}
}

@inproceedings{DBLP:conf/ijcai/Tang0C00L20,
  author    = {Xiaobin Tang and
               Jing Zhang and
               Bo Chen and
               Yang Yang and
               Hong Chen and
               Cuiping Li},
  editor    = {Christian Bessiere},
  title     = {{BERT-INT:} {A} BERT-based Interaction Model For Knowledge Graph Alignment},
  booktitle = {Proceedings of the Twenty-Ninth International Joint Conference on
               Artificial Intelligence, {IJCAI} 2020},
  pages     = {3174--3180},
  publisher = {ijcai.org},
  year      = {2020},
  url       = {https://doi.org/10.24963/ijcai.2020/439},
  doi       = {10.24963/ijcai.2020/439},
  timestamp = {Mon, 20 Jul 2020 12:38:52 +0200},
  biburl    = {https://dblp.org/rec/conf/ijcai/Tang0C00L20.bib},
  bibsource = {dblp computer science bibliography, https://dblp.org}
}

@article{DBLP:journals/corr/abs-1909-03193,
  author    = {Liang Yao and
               Chengsheng Mao and
               Yuan Luo},
  title     = {{KG-BERT:} {BERT} for Knowledge Graph Completion},
  journal   = {CoRR},
  volume    = {abs/1909.03193},
  year      = {2019},
  url       = {http://arxiv.org/abs/1909.03193},
  archivePrefix = {arXiv},
  eprint    = {1909.03193},
  timestamp = {Tue, 17 Sep 2019 11:23:44 +0200},
  biburl    = {https://dblp.org/rec/journals/corr/abs-1909-03193.bib},
  bibsource = {dblp computer science bibliography, https://dblp.org}
}

@inproceedings{DBLP:conf/aaai/LiuZ0WJD020,
  author    = {Weijie Liu and
               Peng Zhou and
               Zhe Zhao and
               Zhiruo Wang and
               Qi Ju and
               Haotang Deng and
               Ping Wang},
  title     = {{K-BERT:} Enabling Language Representation with Knowledge Graph},
  booktitle = {The Thirty-Fourth {AAAI} Conference on Artificial Intelligence, {AAAI}
               2020, The Thirty-Second Innovative Applications of Artificial Intelligence
               Conference, {IAAI} 2020, The Tenth {AAAI} Symposium on Educational
               Advances in Artificial Intelligence, {EAAI} 2020, New York, NY, USA,
               February 7-12, 2020},
  pages     = {2901--2908},
  publisher = {{AAAI} Press},
  year      = {2020},
  url       = {https://aaai.org/ojs/index.php/AAAI/article/view/5681},
  timestamp = {Tue, 02 Feb 2021 08:00:48 +0100},
  biburl    = {https://dblp.org/rec/conf/aaai/LiuZ0WJD020.bib},
  bibsource = {dblp computer science bibliography, https://dblp.org}
}

@inproceedings{DBLP:conf/aics/VegupattiNC20,
  author    = {Mani Vegupatti and
               Matthias Nickles and
               Bharathi Raja Chakravarthi},
  editor    = {Luca Longo and
               Lucas Rizzo and
               Elizabeth Hunter and
               Arjun Pakrashi},
  title     = {Simple Question Answering Over a Domain-Specific Knowledge Graph using
               {BERT} by Transfer Learning},
  booktitle = {Proceedings of The 28th Irish Conference on Artificial Intelligence
               and Cognitive Science, Dublin, Republic of Ireland, December 7-8,
               2020},
  series    = {{CEUR} Workshop Proceedings},
  volume    = {2771},
  pages     = {289--300},
  publisher = {CEUR-WS.org},
  year      = {2020},
  url       = {http://ceur-ws.org/Vol-2771/AICS2020\_paper\_42.pdf},
  timestamp = {Tue, 22 Dec 2020 14:06:50 +0100},
  biburl    = {https://dblp.org/rec/conf/aics/VegupattiNC20.bib},
  bibsource = {dblp computer science bibliography, https://dblp.org}
}

@misc{maison,
title={Python: How To Reduce Memory Consumption By Half By Adding Just One Line Of Code?},
url={https://www.digitalminds.io/blog/python-how-to-reduce-memory-consumption-by-half-by-adding-just-one-line-of-code},
journal={digitalminds.io Blog},
author={Alex Maison},
year={2019},
month={Oct}
}

@inproceedings{pyrdf2vec,
  author       = {Gilles Vandewiele and Bram Steenwinckel and Terencio Agozzino
                  and Michael Weyns and Pieter Bonte and Femke Ongenae
                  and Filip De Turck},
  title        = {{pyRDF2Vec: Python Implementation and Extension of RDF2Vec}},
  organization = {IDLab},
  year         = {2020},
  url          = {https://github.com/IBCNServices/pyRDF2Vec}
}